<record><leader>00000cas a2200000 a 4500</leader><controlfield tag="001">3938058</controlfield><controlfield tag="008">780530c189u9999paubr ne      0   b0ukr c</controlfield><datafield ind1=" " ind2=" " tag="010"><subfield code="a">sn 78004943 </subfield></datafield><datafield ind1=" " ind2=" " tag="040"><subfield code="a">COO</subfield><subfield code="b">eng</subfield><subfield code="c">COO</subfield><subfield code="d">NSD</subfield><subfield code="d">NPH</subfield><subfield code="d">YOX</subfield><subfield code="d">NVF</subfield><subfield code="d">DLC</subfield><subfield code="d">OCLCQ</subfield><subfield code="d">OCLCF</subfield><subfield code="d">OCLCO</subfield></datafield><datafield ind1=" " ind2=" " tag="012"><subfield code="k">1</subfield><subfield code="l">1</subfield><subfield code="m">d</subfield></datafield><datafield ind1="1" ind2=" " tag="022"><subfield code="a">0039-7156</subfield><subfield code="l">0039-7156</subfield><subfield code="2">1</subfield></datafield><datafield ind1="1" ind2=" " tag="029"><subfield code="a">ZWZ</subfield><subfield code="b">12363329X</subfield></datafield><datafield ind1="0" ind2=" " tag="041"><subfield code="a">ukreng</subfield></datafield><datafield ind1=" " ind2=" " tag="042"><subfield code="a">nsdp</subfield><subfield code="a">pcc</subfield></datafield><datafield ind1=" " ind2=" " tag="043"><subfield code="a">n-us---</subfield></datafield><datafield ind1="0" ind2="0" tag="050"><subfield code="a">Newspaper 9631</subfield></datafield><datafield ind1=" " ind2="0" tag="222"><subfield code="a">Svit</subfield><subfield code="b">(Wilkes-Barre)</subfield></datafield><datafield ind1="0" ind2="0" tag="245"><subfield code="a">Svit =</subfield><subfield code="b">Light.</subfield></datafield><datafield ind1="3" ind2="1" tag="246"><subfield code="a">Light</subfield></datafield><datafield ind1=" " ind2=" " tag="260"><subfield code="a">Old Forge, Pa. :</subfield><subfield code="b">Russian Orthodox Brotherhood of America</subfield></datafield><datafield ind1=" " ind2=" " tag="300"><subfield code="a">v.</subfield></datafield><datafield ind1=" " ind2=" " tag="310"><subfield code="a">Bimonthly,</subfield><subfield code="b">&lt;1976&gt;-</subfield></datafield><datafield ind1=" " ind2=" " tag="321"><subfield code="a">Frequency varies,</subfield><subfield code="b">&lt;1899-1902&gt;</subfield></datafield><datafield ind1=" " ind2=" " tag="321"><subfield code="a">Weekly,</subfield><subfield code="b">&lt;Feb. 12, 1903-July 4, 1940&gt;</subfield></datafield><datafield ind1=" " ind2=" " tag="321"><subfield code="a">Frequency varies,</subfield><subfield code="b">&lt;1941-1975&gt;</subfield></datafield><datafield ind1=" " ind2=" " tag="500"><subfield code="a">Published in: Bridgeport, Conn., &lt;Feb. 12, 1903-Dec. 8, 1904&gt;, and: Philadelphia, Pa., &lt;Mar. 29, 1906-July 18, 1907&gt;, and: New York, N.Y., &lt;May 28, 1908-Jan. 11, 1917&gt;, and: Wilkes-Barre, Pa., &lt;Apr. 18, 1919&gt;-</subfield></datafield><datafield ind1=" " ind2=" " tag="500"><subfield code="a">Editor: Father Gregory Hrushka.</subfield></datafield><datafield ind1=" " ind2=" " tag="546"><subfield code="a">In Ruthenian, &lt;1899-1940&gt;; in English, &lt;1978&gt;.</subfield></datafield><datafield ind1=" " ind2=" " tag="588"><subfield code="a">Description based on: God 3, nr. 7 (June 17, 1899).</subfield></datafield><datafield ind1=" " ind2="0" tag="650"><subfield code="a">Ruthenians</subfield><subfield code="z">United States</subfield><subfield code="v">Newspapers.</subfield></datafield><datafield ind1=" " ind2="7" tag="655"><subfield code="a">Newspapers.</subfield><subfield code="2">fast</subfield><subfield code="0">(OCoLC)fst01423814</subfield></datafield><datafield ind1=" " ind2="7" tag="650"><subfield code="a">Ruthenians.</subfield><subfield code="2">fast</subfield><subfield code="0">(OCoLC)fst01102572</subfield></datafield><datafield ind1=" " ind2="7" tag="651"><subfield code="a">United States.</subfield><subfield code="2">fast</subfield><subfield code="0">(OCoLC)fst01204155</subfield></datafield><datafield ind1="2" ind2=" " tag="710"><subfield code="a">Russian Orthodox Catholic Mutual Aid Society.</subfield></datafield><datafield ind1="2" ind2=" " tag="710"><subfield code="a">Russian Consolidated Mutual Aid Society of America.</subfield></datafield><datafield ind1=" " ind2=" " tag="752"><subfield code="a">United States</subfield><subfield code="b">Pennsylvania</subfield><subfield code="c">Luzerne</subfield><subfield code="d">Wilkes-Barre.</subfield></datafield><datafield ind1=" " ind2=" " tag="752"><subfield code="a">United States</subfield><subfield code="b">Pennsylvania</subfield><subfield code="c">Lackawanna</subfield><subfield code="d">Old Forge.</subfield></datafield><datafield ind1=" " ind2=" " tag="752"><subfield code="a">United States</subfield><subfield code="b">Connecticut</subfield><subfield code="c">Fairfield</subfield><subfield code="d">Bridgeport.</subfield></datafield><datafield ind1=" " ind2=" " tag="752"><subfield code="a">United States</subfield><subfield code="b">Pennsylvania</subfield><subfield code="c">Philadelphia</subfield><subfield code="d">Philadelphia.</subfield></datafield><datafield ind1=" " ind2=" " tag="752"><subfield code="a">United States</subfield><subfield code="b">New York</subfield><subfield code="c">New York</subfield><subfield code="d">New York.</subfield></datafield><datafield ind1=" " ind2=" " tag="936"><subfield code="a">INC</subfield><subfield code="a">June 1978</subfield></datafield></record>